@inproceedings{semantic_versioning,
    Author = {Tom Preston-Werner},
    Title = {Semantic Versioning 2.0.0},
    Year = 2013,
    Url = "https://semver.org/"
}
@inproceedings{keep_a_changelog,
    Author = {Olivier Lacan, Tyler Fortune},
    Title = {keep a changelog 1.1.0},
    Year = 2019,
    Url = "https://keepachangelog.com/en/1.1.0/"
}
@inproceedings{golang_faq,
    Author = {"golang.org"},
    Title = {Frequently Asked Questions (FAQ)},
    Year = 2019,
    Url = "https://golang.org/doc/faq"
}

@inproceedings{kubernetes_io_hpa,
    Author = {"Cloud Native Computing Foundation"},
    Title = "Horizontal Pod Autoscaler",
    Year = 2020,
    Url =
    "https://kubernetes.io/docs/tasks/run-application/horizontal-pod-autoscale"
}

@inproceedings{sysdig_custom_metrics,
    Author = {Mateo Burillo},
    Title = "Kubernetes pod autoscaler using custom metrics",
    Year = 2019,
    Url = "https://sysdig.com/blog/kubernetes-autoscaler/"
}

@inproceedings{agones_overview,
    Author = {"agones.dev"},
    Title = "Agones - Overview",
    Year = 2020,
    Url = "https://agones.dev/site/docs/overview/"
}

@inproceedings{agones_autoscaler_specification,
    Author = {"agones.dev"},
    Title = "Agones - Fleet Autoscaler Specification",
    Year = 2020,
    Url = "https://agones.dev/site/docs/reference/fleetautoscaler/"
}

@inproceedings{k8s_specific_downscale,
    Author = {Robert Bailey},
    Title = "Scale down a deployment by removing specific pods",
    Year = 2020,
    Url = "https://github.com/kubernetes/kubernetes/issues/45509"
}